<?xml version="1.0" encoding="UTF-8"?><collection xmlns="http://www.loc.gov/MARC21/slim"><record><leader>00428nam--2200169-i-4500</leader><controlfield tag="001">000024165</controlfield><controlfield tag="002">20161230</controlfield><controlfield tag="005">20161230201035</controlfield><controlfield tag="008">060222s1000------------r-----000-0-rus-d</controlfield><datafield ind1=" " ind2=" " tag="040"><subfield code="a">IFIN-HH</subfield></datafield><datafield ind1=" " ind2=" " tag="041"><subfield code="a">rus</subfield></datafield><datafield ind1=" " ind2=" " tag="080"><subfield code="a">533.932</subfield></datafield><datafield ind1="1" ind2=" " tag="100"><subfield code="a">Jdanov, V.M</subfield></datafield><datafield ind1="1" ind2="0" tag="245"><subfield code="a">Iavleniia perenosa v miogokoponentnoi plazme</subfield><subfield code="c">V.M. Jdanov</subfield></datafield><datafield ind1=" " ind2=" " tag="260"><subfield code="a">Moskva</subfield><subfield code="b">Energoizdat</subfield><subfield code="c">1982</subfield></datafield><datafield ind1=" " ind2=" " tag="852"><subfield code="a">70463</subfield><subfield code="c">533.9</subfield></datafield><datafield ind1=" " ind2=" " tag="CAT"><subfield code="a">Sys</subfield><subfield code="c">20100930</subfield><subfield code="h">125548</subfield></datafield></record></collection>